@inbook{Gupta2011,
    author    = {Gupta, Arjun K.},
    editor    = {Lovric, Miodrag},
    title     = {Beta Distribution},
    booktitle = {International Encyclopedia of Statistical Science},
    year      = {2011},
    publisher = {Springer Berlin Heidelberg},
    address   = {Berlin, Heidelberg},
    pages     = {144--145},
    isbn      = {978-3-642-04898-2},
    doi       = {10.1007/978-3-642-04898-2_144},
    url       = {https://doi.org/10.1007/978-3-642-04898-2_144}
}

@Inbook{Joyce2011,
    author="Joyce, James M.",
    editor="Lovric, Miodrag",
    title="Kullback-Leibler Divergence",
    bookTitle="International Encyclopedia of Statistical Science",
    year="2011",
    publisher="Springer Berlin Heidelberg",
    address="Berlin, Heidelberg",
    pages="720--722",
    isbn="978-3-642-04898-2",
    doi="10.1007/978-3-642-04898-2_327",
    url="https://doi.org/10.1007/978-3-642-04898-2_327"
}

@book{kouzis2016learning,
    title={Learning Scrapy},
    author={Kouzis-Loukas, Dimitrios},
    year={2016},
    publisher={Packt Publishing Ltd}
}